<?xml version="1.0" encoding="UTF-8"?>
  <record xmlns="http://www.loc.gov/MARC21/slim" type="Authority">
    <leader>00000nz  a2200000nc 4500</leader>
    <controlfield tag="001">11857941X</controlfield>
    <controlfield tag="003">DE-101</controlfield>
    <controlfield tag="005">20220309171332.0</controlfield>
    <controlfield tag="008">880701n||azznnaabn           | aaa    |c</controlfield>
    <datafield tag="024" ind1="7" ind2=" ">
      <subfield code="a">11857941X</subfield>
      <subfield code="0">http://d-nb.info/gnd/11857941X</subfield>
      <subfield code="2">gnd</subfield>
    </datafield>
    <datafield tag="035" ind1=" " ind2=" ">
      <subfield code="a">(DE-101)11857941X</subfield>
    </datafield>
    <datafield tag="035" ind1=" " ind2=" ">
      <subfield code="a">(DE-588)11857941X</subfield>
    </datafield>
    <datafield tag="035" ind1=" " ind2=" ">
      <subfield code="z">(DE-588)153730242</subfield>
    </datafield>
    <datafield tag="035" ind1=" " ind2=" ">
      <subfield code="z">(DE-588a)153730242</subfield>
      <subfield code="9">v:zg</subfield>
    </datafield>
    <datafield tag="035" ind1=" " ind2=" ">
      <subfield code="z">(DE-588)187709351</subfield>
    </datafield>
    <datafield tag="035" ind1=" " ind2=" ">
      <subfield code="z">(DE-588a)187709351</subfield>
      <subfield code="9">v:zg</subfield>
    </datafield>
    <datafield tag="035" ind1=" " ind2=" ">
      <subfield code="z">(DE-588)187120552</subfield>
    </datafield>
    <datafield tag="035" ind1=" " ind2=" ">
      <subfield code="z">(DE-588a)187120552</subfield>
      <subfield code="9">v:zg</subfield>
    </datafield>
    <datafield tag="035" ind1=" " ind2=" ">
      <subfield code="z">(DE-588)1089714203</subfield>
    </datafield>
    <datafield tag="035" ind1=" " ind2=" ">
      <subfield code="z">(DE-588a)11857941X</subfield>
      <subfield code="9">v:zg</subfield>
    </datafield>
    <datafield tag="035" ind1=" " ind2=" ">
      <subfield code="z">(DE-588c)4038081-6</subfield>
      <subfield code="9">v:zg</subfield>
    </datafield>
    <datafield tag="040" ind1=" " ind2=" ">
      <subfield code="a">DE-101</subfield>
      <subfield code="c">DE-101</subfield>
      <subfield code="9">r:DE-101</subfield>
      <subfield code="b">ger</subfield>
      <subfield code="d">9999</subfield>
    </datafield>
    <datafield tag="042" ind1=" " ind2=" ">
      <subfield code="a">gnd1</subfield>
    </datafield>
    <datafield tag="043" ind1=" " ind2=" ">
      <subfield code="c">XA-DE</subfield>
    </datafield>
    <datafield tag="065" ind1=" " ind2=" ">
      <subfield code="a">16.5p</subfield>
      <subfield code="2">sswd</subfield>
    </datafield>
    <datafield tag="075" ind1=" " ind2=" ">
      <subfield code="b">p</subfield>
      <subfield code="2">gndgen</subfield>
    </datafield>
    <datafield tag="075" ind1=" " ind2=" ">
      <subfield code="b">piz</subfield>
      <subfield code="2">gndspec</subfield>
    </datafield>
    <datafield tag="079" ind1=" " ind2=" ">
      <subfield code="a">g</subfield>
      <subfield code="q">s</subfield>
      <subfield code="q">a</subfield>
      <subfield code="q">f</subfield>
      <subfield code="q">l</subfield>
      <subfield code="u">w</subfield>
      <subfield code="u">o</subfield>
    </datafield>
    <datafield tag="100" ind1="0" ind2=" ">
      <subfield code="a">Maximilian Emanuel</subfield>
      <subfield code="b">II.</subfield>
      <subfield code="c">Bayern, Kurfürst</subfield>
      <subfield code="d">1662-1726</subfield>
    </datafield>
    <datafield tag="375" ind1=" " ind2=" ">
      <subfield code="a">1</subfield>
      <subfield code="2">iso5218</subfield>
    </datafield>
    <datafield tag="400" ind1="0" ind2=" ">
      <subfield code="a">Massimiliano Emanuele</subfield>
      <subfield code="b">II.</subfield>
      <subfield code="c">Baviera, Duca</subfield>
      <subfield code="d">1662-1726</subfield>
    </datafield>
    <datafield tag="400" ind1="0" ind2=" ">
      <subfield code="a">Max Emanuel</subfield>
      <subfield code="b">II.</subfield>
      <subfield code="c">Bayern, Kurfürst</subfield>
      <subfield code="d">1662-1726</subfield>
    </datafield>
    <datafield tag="400" ind1="0" ind2=" ">
      <subfield code="a">Max Emanuel</subfield>
      <subfield code="c">Bayern, Kurfürst</subfield>
      <subfield code="d">1662-1726</subfield>
    </datafield>
    <datafield tag="400" ind1="0" ind2=" ">
      <subfield code="a">Max Maria Emanuel</subfield>
      <subfield code="b">II.</subfield>
      <subfield code="c">Bayern, Kurfürst</subfield>
      <subfield code="d">1662-1726</subfield>
    </datafield>
    <datafield tag="400" ind1="0" ind2=" ">
      <subfield code="a">Maximilian</subfield>
      <subfield code="b">II.</subfield>
      <subfield code="c">Bayern, Kurfürst</subfield>
      <subfield code="d">1662-1726</subfield>
    </datafield>
    <datafield tag="400" ind1="0" ind2=" ">
      <subfield code="a">Maximilian Emanuel Ludwig Maria Joseph Cajetan Antonius Nicolaus Franciscus Ignatius Felix</subfield>
      <subfield code="b">II.</subfield>
      <subfield code="c">Bayern, Kurfürst</subfield>
      <subfield code="d">1662-1726</subfield>
      <subfield code="9">v:Vorlage, voller Taufname</subfield>
    </datafield>
    <datafield tag="400" ind1="0" ind2=" ">
      <subfield code="a">Maximilian Emmanuel</subfield>
      <subfield code="b">II.</subfield>
      <subfield code="c">Bayern, Kurfürst</subfield>
      <subfield code="d">1662-1726</subfield>
    </datafield>
    <datafield tag="400" ind1="0" ind2=" ">
      <subfield code="a">Maximilian Maria Emanuel</subfield>
      <subfield code="b">II.</subfield>
      <subfield code="c">Bayern, Kurfürst</subfield>
      <subfield code="d">1662-1726</subfield>
    </datafield>
    <datafield tag="400" ind1="0" ind2=" ">
      <subfield code="a">Maximilianus Emanuel</subfield>
      <subfield code="b">II.</subfield>
      <subfield code="c">Bayern, Kurfürst</subfield>
      <subfield code="d">1662-1726</subfield>
    </datafield>
    <datafield tag="400" ind1="0" ind2=" ">
      <subfield code="a">Maximilianus Emmanuel</subfield>
      <subfield code="c">Bayern, Herzog</subfield>
      <subfield code="d">1662-1726</subfield>
    </datafield>
    <datafield tag="400" ind1="0" ind2=" ">
      <subfield code="a">Maximilianus Emmanuel</subfield>
      <subfield code="b">II.</subfield>
      <subfield code="c">Bayern, Kurfürst</subfield>
      <subfield code="d">1662-1726</subfield>
    </datafield>
    <datafield tag="400" ind1="0" ind2=" ">
      <subfield code="a">Maximilianus Emmanuel</subfield>
      <subfield code="c">Palatinae Dux</subfield>
      <subfield code="d">1662-1726</subfield>
    </datafield>
    <datafield tag="400" ind1="0" ind2=" ">
      <subfield code="a">Maximilianus Emmanuel</subfield>
      <subfield code="b">II.</subfield>
      <subfield code="c">Bavaria, Dux</subfield>
      <subfield code="d">1662-1726</subfield>
    </datafield>
    <datafield tag="400" ind1="0" ind2=" ">
      <subfield code="a">Max Emanuel</subfield>
      <subfield code="d">1662-1726</subfield>
    </datafield>
    <datafield tag="400" ind1="0" ind2=" ">
      <subfield code="a">Max Emanuel</subfield>
      <subfield code="c">von Bayern</subfield>
      <subfield code="d">1662-1726</subfield>
    </datafield>
    <datafield tag="400" ind1="0" ind2=" ">
      <subfield code="a">Maximilian Emanuel</subfield>
      <subfield code="b">II.</subfield>
      <subfield code="d">1662-1726</subfield>
    </datafield>
    <datafield tag="400" ind1="0" ind2=" ">
      <subfield code="a">Maximilian</subfield>
      <subfield code="b">II. Emanuel</subfield>
      <subfield code="c">Kurfürst von Bayern</subfield>
      <subfield code="d">1662-1726</subfield>
    </datafield>
    <datafield tag="400" ind1="0" ind2=" ">
      <subfield code="a">Maximilian Emanuel</subfield>
      <subfield code="c">Kurfürst von Bayern</subfield>
      <subfield code="d">1662-1726</subfield>
    </datafield>
    <datafield tag="400" ind1="0" ind2=" ">
      <subfield code="a">Maximilian Emanuel</subfield>
      <subfield code="b">Kurfürst von Bayern</subfield>
      <subfield code="d">1662-1726</subfield>
    </datafield>
    <datafield tag="400" ind1="0" ind2=" ">
      <subfield code="a">Maximilian</subfield>
      <subfield code="b">II. Emanuel</subfield>
      <subfield code="c">Elector of Bavaria</subfield>
      <subfield code="d">1662-1726</subfield>
    </datafield>
    <datafield tag="400" ind1="0" ind2=" ">
      <subfield code="a">Maximilian</subfield>
      <subfield code="b">2</subfield>
      <subfield code="c">Bayern ; Kurfürst</subfield>
      <subfield code="d">1662-1726</subfield>
    </datafield>
    <datafield tag="400" ind1="0" ind2=" ">
      <subfield code="a">Max Emanuel</subfield>
      <subfield code="c">Kurfürst von Bayern</subfield>
      <subfield code="d">1662-1726</subfield>
    </datafield>
    <datafield tag="400" ind1="0" ind2=" ">
      <subfield code="a">Maximilian Emanuel</subfield>
      <subfield code="c">Ober- und Nieder-Bayern, Herzog</subfield>
      <subfield code="d">1662-1726</subfield>
    </datafield>
    <datafield tag="400" ind1="0" ind2=" ">
      <subfield code="a">Maximilian Emanuel</subfield>
      <subfield code="c">Ober-Pfalz , Herzog</subfield>
      <subfield code="d">1662-1726</subfield>
    </datafield>
    <datafield tag="400" ind1="0" ind2=" ">
      <subfield code="a">Maximilien-Emmanuel</subfield>
      <subfield code="c">Bavière, électeur</subfield>
      <subfield code="d">1662-1726</subfield>
    </datafield>
    <datafield tag="400" ind1="0" ind2=" ">
      <subfield code="a">Maximilien-Emmanuel</subfield>
      <subfield code="c">électeur de Bavière</subfield>
      <subfield code="d">1662-1726</subfield>
    </datafield>
    <datafield tag="400" ind1="0" ind2=" ">
      <subfield code="a">Max</subfield>
      <subfield code="b">II. Emanuel</subfield>
      <subfield code="c">Kurfürst von Bayern</subfield>
      <subfield code="d">1662-1726</subfield>
    </datafield>
    <datafield tag="400" ind1="0" ind2=" ">
      <subfield code="a">Maximilian Emanuel</subfield>
      <subfield code="c">Statthalter der Niederlande</subfield>
      <subfield code="d">1662-1726</subfield>
    </datafield>
    <datafield tag="400" ind1="0" ind2=" ">
      <subfield code="a">Maximilianus Josephus</subfield>
      <subfield code="c">S.R.I. Archidapiferus et Elector</subfield>
      <subfield code="d">1662-1726</subfield>
    </datafield>
    <datafield tag="500" ind1="0" ind2=" ">
      <subfield code="0">(DE-101)119105691</subfield>
      <subfield code="0">(DE-588)119105691</subfield>
      <subfield code="0">https://d-nb.info/gnd/119105691</subfield>
      <subfield code="a">Ferdinand Maria</subfield>
      <subfield code="c">Bayern, Kurfürst</subfield>
      <subfield code="d">1636-1679</subfield>
      <subfield code="4">bezf</subfield>
      <subfield code="4">https://d-nb.info/standards/elementset/gnd#familialRelationship</subfield>
      <subfield code="w">r</subfield>
      <subfield code="i">Beziehung familiaer</subfield>
      <subfield code="e">Beziehung familiaer</subfield>
      <subfield code="9">v:Vater</subfield>
    </datafield>
    <datafield tag="500" ind1="0" ind2=" ">
      <subfield code="0">(DE-101)118549286</subfield>
      <subfield code="0">(DE-588)118549286</subfield>
      <subfield code="0">https://d-nb.info/gnd/118549286</subfield>
      <subfield code="a">Adelheid</subfield>
      <subfield code="c">Bayern, Kurfürstin</subfield>
      <subfield code="d">1636-1676</subfield>
      <subfield code="4">bezf</subfield>
      <subfield code="4">https://d-nb.info/standards/elementset/gnd#familialRelationship</subfield>
      <subfield code="w">r</subfield>
      <subfield code="i">Beziehung familiaer</subfield>
      <subfield code="e">Beziehung familiaer</subfield>
      <subfield code="9">v:Mutter</subfield>
    </datafield>
    <datafield tag="500" ind1="0" ind2=" ">
      <subfield code="0">(DE-101)120734435</subfield>
      <subfield code="0">(DE-588)120734435</subfield>
      <subfield code="0">https://d-nb.info/gnd/120734435</subfield>
      <subfield code="a">Violante Beatrix</subfield>
      <subfield code="c">Toskana, Großherzogin</subfield>
      <subfield code="d">1673-1731</subfield>
      <subfield code="4">bezf</subfield>
      <subfield code="4">https://d-nb.info/standards/elementset/gnd#familialRelationship</subfield>
      <subfield code="w">r</subfield>
      <subfield code="i">Beziehung familiaer</subfield>
      <subfield code="e">Beziehung familiaer</subfield>
      <subfield code="9">v:Schwester</subfield>
    </datafield>
    <datafield tag="500" ind1="0" ind2=" ">
      <subfield code="0">(DE-101)100976905</subfield>
      <subfield code="0">(DE-588)100976905</subfield>
      <subfield code="0">https://d-nb.info/gnd/100976905</subfield>
      <subfield code="a">Maria Antonia</subfield>
      <subfield code="c">Bayern, Kurfürstin</subfield>
      <subfield code="d">1669-1692</subfield>
      <subfield code="4">bezf</subfield>
      <subfield code="4">https://d-nb.info/standards/elementset/gnd#familialRelationship</subfield>
      <subfield code="w">r</subfield>
      <subfield code="i">Beziehung familiaer</subfield>
      <subfield code="e">Beziehung familiaer</subfield>
      <subfield code="9">v:1. Ehefrau</subfield>
    </datafield>
    <datafield tag="500" ind1="0" ind2=" ">
      <subfield code="0">(DE-101)119164051</subfield>
      <subfield code="0">(DE-588)119164051</subfield>
      <subfield code="0">https://d-nb.info/gnd/119164051</subfield>
      <subfield code="a">Theresia Kunigunde</subfield>
      <subfield code="c">Bayern, Kurfürstin</subfield>
      <subfield code="d">1676-1730</subfield>
      <subfield code="4">bezf</subfield>
      <subfield code="4">https://d-nb.info/standards/elementset/gnd#familialRelationship</subfield>
      <subfield code="w">r</subfield>
      <subfield code="i">Beziehung familiaer</subfield>
      <subfield code="e">Beziehung familiaer</subfield>
      <subfield code="9">v:2. Ehefrau</subfield>
    </datafield>
    <datafield tag="500" ind1="0" ind2=" ">
      <subfield code="0">(DE-101)106786007X</subfield>
      <subfield code="0">(DE-588)106786007X</subfield>
      <subfield code="0">https://d-nb.info/gnd/106786007X</subfield>
      <subfield code="a">Maria Anna Karoline</subfield>
      <subfield code="c">Bayern, Herzogin</subfield>
      <subfield code="d">1696-1750</subfield>
      <subfield code="4">bezf</subfield>
      <subfield code="4">https://d-nb.info/standards/elementset/gnd#familialRelationship</subfield>
      <subfield code="w">r</subfield>
      <subfield code="i">Beziehung familiaer</subfield>
      <subfield code="e">Beziehung familiaer</subfield>
      <subfield code="9">v:Tochter</subfield>
    </datafield>
    <datafield tag="500" ind1="0" ind2=" ">
      <subfield code="0">(DE-101)118560115</subfield>
      <subfield code="0">(DE-588)118560115</subfield>
      <subfield code="0">https://d-nb.info/gnd/118560115</subfield>
      <subfield code="a">Karl</subfield>
      <subfield code="b">VII.</subfield>
      <subfield code="c">Heiliges Römisches Reich, Kaiser</subfield>
      <subfield code="d">1697-1745</subfield>
      <subfield code="4">bezf</subfield>
      <subfield code="4">https://d-nb.info/standards/elementset/gnd#familialRelationship</subfield>
      <subfield code="w">r</subfield>
      <subfield code="i">Beziehung familiaer</subfield>
      <subfield code="e">Beziehung familiaer</subfield>
      <subfield code="9">v:Sohn</subfield>
    </datafield>
    <datafield tag="548" ind1=" " ind2=" ">
      <subfield code="a">1662-1726</subfield>
      <subfield code="4">datl</subfield>
      <subfield code="4">https://d-nb.info/standards/elementset/gnd#dateOfBirthAndDeath</subfield>
      <subfield code="w">r</subfield>
      <subfield code="i">Lebensdaten</subfield>
    </datafield>
    <datafield tag="548" ind1=" " ind2=" ">
      <subfield code="a">11.07.1662-26.02.1726</subfield>
      <subfield code="4">datx</subfield>
      <subfield code="4">https://d-nb.info/standards/elementset/gnd#dateOfBirthAndDeath</subfield>
      <subfield code="w">r</subfield>
      <subfield code="i">Exakte Lebensdaten</subfield>
    </datafield>
    <datafield tag="550" ind1=" " ind2=" ">
      <subfield code="0">(DE-101)041662032</subfield>
      <subfield code="0">(DE-588)4166203-9</subfield>
      <subfield code="0">https://d-nb.info/gnd/4166203-9</subfield>
      <subfield code="a">Kurfürst</subfield>
      <subfield code="4">adel</subfield>
      <subfield code="4">https://d-nb.info/standards/elementset/gnd#titleOfNobility</subfield>
      <subfield code="w">r</subfield>
      <subfield code="i">Adelstitel</subfield>
    </datafield>
    <datafield tag="551" ind1=" " ind2=" ">
      <subfield code="0">(DE-101)041277937</subfield>
      <subfield code="0">(DE-588)4127793-4</subfield>
      <subfield code="0">https://d-nb.info/gnd/4127793-4</subfield>
      <subfield code="a">München</subfield>
      <subfield code="4">ortg</subfield>
      <subfield code="4">https://d-nb.info/standards/elementset/gnd#placeOfBirth</subfield>
      <subfield code="w">r</subfield>
      <subfield code="i">Geburtsort</subfield>
    </datafield>
    <datafield tag="551" ind1=" " ind2=" ">
      <subfield code="0">(DE-101)041277937</subfield>
      <subfield code="0">(DE-588)4127793-4</subfield>
      <subfield code="0">https://d-nb.info/gnd/4127793-4</subfield>
      <subfield code="a">München</subfield>
      <subfield code="4">orts</subfield>
      <subfield code="4">https://d-nb.info/standards/elementset/gnd#placeOfDeath</subfield>
      <subfield code="w">r</subfield>
      <subfield code="i">Sterbeort</subfield>
    </datafield>
    <datafield tag="667" ind1=" " ind2=" ">
      <subfield code="a">12</subfield>
    </datafield>
    <datafield tag="667" ind1=" " ind2=" ">
      <subfield code="a">384</subfield>
    </datafield>
    <datafield tag="667" ind1=" " ind2=" ">
      <subfield code="a">VD-17</subfield>
    </datafield>
    <datafield tag="667" ind1=" " ind2=" ">
      <subfield code="a">VD-18</subfield>
    </datafield>
    <datafield tag="670" ind1=" " ind2=" ">
      <subfield code="a">LCAuth</subfield>
    </datafield>
    <datafield tag="670" ind1=" " ind2=" ">
      <subfield code="a">Europ. Stammtaf.,NF,1,1, Taf. 107</subfield>
    </datafield>
    <datafield tag="670" ind1=" " ind2=" ">
      <subfield code="a">NDB/ADB</subfield>
      <subfield code="u">https://www.deutsche-biographie.de/gnd11857941X.html#ndbcontent</subfield>
    </datafield>
    <datafield tag="670" ind1=" " ind2=" ">
      <subfield code="a">Wikipedia</subfield>
      <subfield code="u">https://de.wikipedia.org/wiki/Maximilian_II._Emanuel_(Bayern)</subfield>
    </datafield>
    <datafield tag="672" ind1=" " ind2="0">
      <subfield code="a">Maximilian Emanuel &lt;Bayern, Kurfürst, II.&gt;: Kriegs- und Verpflegungs-Ordonanz für die Kay*</subfield>
      <subfield code="f">1689</subfield>
    </datafield>
    <datafield tag="672" ind1=" " ind2="0">
      <subfield code="a">Maximilian Emanuel &lt;Bayern, Kurfürst, II.&gt;: Vertrag mit dem Bischofe zu Freising</subfield>
      <subfield code="f">1715</subfield>
    </datafield>
    <datafield tag="672" ind1=" " ind2="0">
      <subfield code="a">Maximilian Emanuel &lt;Bayern, Kurfürst, II.&gt;: Briefe Kurfürst Max Emanuels aus dem Jahre 17*</subfield>
      <subfield code="f">1834</subfield>
    </datafield>
    <datafield tag="672" ind1=" " ind2="0">
      <subfield code="a">Maximilian Emanuel &lt;Bayern, Kurfürst, II.&gt;: Erlaß über Leinwandaufschläge</subfield>
      <subfield code="f">1701</subfield>
    </datafield>
    <datafield tag="672" ind1=" " ind2="0">
      <subfield code="a">Maximilian Emanuel &lt;Bayern, Kurfürst, II.&gt;: Verordnung betr. das Münzwesen in seinen Prov*</subfield>
      <subfield code="f">1713</subfield>
    </datafield>
    <datafield tag="672" ind1=" " ind2="0">
      <subfield code="a">Maximilian Emanuel &lt;Bayern, Kurfürst, II.&gt;: [Erlaß über Leinwandaufschläge]</subfield>
      <subfield code="f">1701</subfield>
    </datafield>
    <datafield tag="672" ind1=" " ind2="0">
      <subfield code="a">Der von dem Tod überwundene Überwünder, Maximilian Maria Emanuel, nunmehro seel. Chur-F*. - s.a.</subfield>
    </datafield>
    <datafield tag="672" ind1=" " ind2="0">
      <subfield code="a">Seiner Churfürstlichen Durchlaucht von Bayern Manifest, samt dessen Beantwortung oder ein*</subfield>
      <subfield code="f">1706</subfield>
    </datafield>
    <datafield tag="672" ind1=" " ind2="0">
      <subfield code="a">Daß Von den Tyrolerischen Bauern in der Preß zwischen Landegg und Prutz mit Berg-Steine*</subfield>
      <subfield code="f">1703</subfield>
    </datafield>
    <datafield tag="672" ind1=" " ind2="0">
      <subfield code="a">Manifeste de Son Altesse Electorale de Baviere</subfield>
      <subfield code="f">1705</subfield>
    </datafield>
    <datafield tag="678" ind1=" " ind2=" ">
      <subfield code="b">seit 1679 Kurfürst von Bayern; 1692-1706 Generalstatthalter der Spanischen Niederlande</subfield>
    </datafield>
    <datafield tag="913" ind1=" " ind2=" ">
      <subfield code="S">pnd</subfield>
      <subfield code="i">5</subfield>
      <subfield code="a">Maximilian Emanuel &lt;Bayern, Kurfürst, II.&gt;</subfield>
      <subfield code="0">(DE-588a)11857941X</subfield>
    </datafield>
    <datafield tag="913" ind1=" " ind2=" ">
      <subfield code="S">pnd</subfield>
      <subfield code="i">5</subfield>
      <subfield code="a">Maximilian Emanuel &lt;Bayern, Kurfürst, Ii.&gt;</subfield>
      <subfield code="0">(DE-588a)187120552</subfield>
    </datafield>
    <datafield tag="913" ind1=" " ind2=" ">
      <subfield code="S">pnd</subfield>
      <subfield code="i">5</subfield>
      <subfield code="a">MAXIMILIAN EMANUEL &lt;BAYERN, KURFÜRST, &amp;nsb;II.&amp;nse; 2&gt;</subfield>
      <subfield code="0">(DE-588a)187709351</subfield>
    </datafield>
    <datafield tag="913" ind1=" " ind2=" ">
      <subfield code="S">pnd</subfield>
      <subfield code="i">5</subfield>
      <subfield code="a">Maximilian &lt;Bayern, Kurfürst, II.&gt;</subfield>
      <subfield code="0">(DE-588a)153730242</subfield>
    </datafield>
  </record>
